@InProceedings{bryant-cav02,
 author = "Randal E. Bryant and Shuvendu K. Lahiri and Sanjit A. Seshia",
 title = "Modeling and Verifying Systems using a Logic of Counter Arithmetic with Lambda Expressions and Uninterpreted Functions",
 booktitle = "Proc. Computer-Aided Verification ({CAV}'02) ",
 editor = "E. Brinksma and K. G. Larsen",
 series = "LNCS 2404 ",
 pages = "78--92",
 publisher = "",
 month = "July",
 year = "2002"
}

@inproceedings{DBLP:conf/cav/LahiriS04,
  author    = {Shuvendu K. Lahiri and
               Sanjit A. Seshia},
  editor    = {Rajeev Alur and
               Doron A. Peled},
  title     = {The {UCLID} Decision Procedure},
  booktitle = {Computer Aided Verification, 16th International Conference, {CAV}
               2004, Boston, MA, USA, July 13-17, 2004, Proceedings},
  series    = {Lecture Notes in Computer Science},
  volume    = {3114},
  pages     = {475--478},
  publisher = {Springer},
  year      = {2004},
  url       = {https://doi.org/10.1007/978-3-540-27813-9\_40},
  doi       = {10.1007/978-3-540-27813-9\_40},
  timestamp = {Tue, 14 May 2019 10:00:43 +0200},
  biburl    = {https://dblp.org/rec/conf/cav/LahiriS04.bib},
  bibsource = {dblp computer science bibliography, https://dblp.org}
}

@Misc{uclid-www,
 title = "{{UCLID} Verification System, version 3.1.}",
 howpublished = "{Available at \url{http://uclid.eecs.berkeley.edu}}"
}

@article{clarkson-jcs10,
  title={Hyperproperties},
  author={Clarkson, Michael R and Schneider, Fred B},
  journal={Journal of Computer Security},
  volume={18},
  number={6},
  pages={1157--1210},
  year={2010},
  publisher={IOS Press}
}

@InProceedings{burch-cav94,
 author = "J. R. Burch and D. L. Dill",
 title = "Automated verification of pipelined microprocessor control",
 booktitle = "{Computer-Aided Verification (CAV '94)}", 
 editor = "D. L. Dill", 
 series = "LNCS 818", 
 publisher = "Springer-Verlag", 
 month = "June", 
 year = 1994,
 pages = "68--80"
}

@Book{leeseshia-16,
  author = 	 {Edward A. Lee and Sanjit A. Seshia},
  title = 	 {Introduction to Embedded Systems: A Cyber-Physical Systems Approach},
  publisher = 	 {MIT Press},
  url = 	 {http://leeseshia.org},
  year = 	 {2016},
  edition = 	 {Second}
}
